@article{csc1,
   author=  {Cisco Systems},
   title=   {Wired 802.1X Deployment Guide},
   year=    {2011},
   url=     {http://www.cisco.com/c/en/us/td/docs/solutions/Enterprise/Security/TrustSec_1-99/Dot1X_Deployment/Dot1x_Dep_Guide.html}
}

@article{rfc1,
   author=  {The Internet Society},
   title=   {IEEE 802.1X Remote Authentication Dial In User Service (RADIUS)},
   year=    {2003},
   url=     {https://tools.ietf.org/html/rfc3580}
}

@article{rfc2,
   author=  {The Internet Society},
   title=   {Extensible Authentication Protocol (EAP)},
   year=    {2004},
   url=     {https://tools.ietf.org/html/rfc3748}
}

@article{cll1,
   author=  {Celli, A.},
   title=   {Realtime Processing and Presentation
            of Environmental Data
            on Global Sensor Network web framework
            to study climate change on Glaciers},
   year=    {2013},
   pages=   {10,11,12,13}
}

@article{pal,
  author=   {Pallica, S.},
  title=    {Adaptive sensing and transmission on an Automatic Weather
  Station: design of a practical system deployed on a glacier},
  year=     {2013},
  pages=    {84-103}
}


